<?xml version="1.0" encoding="utf-8"?>
<record xmlns="http://www.loc.gov/MARC21/slim" xmlns:xsi="http://www.w3.org/2001/XMLSchema-instance" xsi:schemaLocation="http://www.loc.gov/MARC21/slim http://www.loc.gov/standards/marcxml/schema/MARC21slim.xsd">
	<leader>
		01354nam a2200301   4500
	</leader>
	<controlfield tag="001">
		002775914
	</controlfield>
	<controlfield tag="003">
		NNU
	</controlfield>
	<controlfield tag="006">
		m        d        
	</controlfield>
	<controlfield tag="007">
		cr cn |||m|||a
	</controlfield>
	<controlfield tag="008">
		151007s1954    le      o     000 1 arar 
	</controlfield>
	<datafield ind1=" " ind2=" " tag="040">
		<subfield code="a">
			NNU
		</subfield>
		<subfield code="b">
			eng
		</subfield>
		<subfield code="c">
			NNU
		</subfield>
	</datafield>
	<datafield ind1=" " ind2="0" tag="050">
		<subfield code="a">
			PJ7842.A68
		</subfield>
		<subfield code="b">
			A64
		</subfield>
	</datafield>
	<datafield ind1=" " ind2=" " tag="066">
		<subfield code="c">
			(3
		</subfield>
	</datafield>
	<datafield ind1=" " ind2=" " tag="090">
		<subfield code="a">
			DS238.M35
		</subfield>
		<subfield code="b">
			K362 1954
		</subfield>
	</datafield>
	<datafield ind1="1" ind2=" " tag="100">
		<subfield code="a">
			Karam, Karam Milḥim.
		</subfield>
	</datafield>
	<datafield ind1="1" ind2="0" tag="245">
		<subfield code="6">
			880-01
		</subfield>
		<subfield code="a">
			Abū Jaʻfar al-Manṣūr
		</subfield>
		<subfield code="h">
			[electronic resource] :
		</subfield>
		<subfield code="b">
			qiṣṣah wa-tārīkh /
		</subfield>
		<subfield code="c">
			[Taʼlīf] Karam Milḥim Karam.
		</subfield>
	</datafield>
	<datafield ind1=" " ind2=" " tag="260">
		<subfield code="a">
			Bayrūt;
		</subfield>
		<subfield code="b">
			Manshūrāt al-Jabal al-Akhḍar
		</subfield>
		<subfield code="c">
			[1954]
		</subfield>
	</datafield>
	<datafield ind1=" " ind2=" " tag="300">
		<subfield code="a">
			online resource (353 p.)
		</subfield>
	</datafield>
	<datafield ind1=" " ind2=" " tag="500">
		<subfield code="a">
			Part of the Arabic Collections Online (ACO) project, contributed by New York Univeristy Libraries.
		</subfield>
	</datafield>
	<datafield ind1=" " ind2=" " tag="533">
		<subfield code="a">
			Electronic reproduction.
		</subfield>
		<subfield code="b">
			New York, N.Y. :
		</subfield>
		<subfield code="c">
			New York University,
		</subfield>
		<subfield code="d">
			2015.
		</subfield>
		<subfield code="5">
			NNU
		</subfield>
	</datafield>
	<datafield ind1="1" ind2="0" tag="600">
		<subfield code="a">
			Manṣūr, Abū Jaʻfar,
		</subfield>
		<subfield code="c">
			Caliph,
		</subfield>
		<subfield code="d">
			ca. 712-775
		</subfield>
		<subfield code="v">
			Fiction.
		</subfield>
	</datafield>
	<datafield ind1="2" ind2=" " tag="710">
		<subfield code="a">
			New York University.
		</subfield>
		<subfield code="b">
			Libraries.
		</subfield>
	</datafield>
	<datafield ind1="0" ind2=" " tag="730">
		<subfield code="a">
			Arabic Collections Online.
		</subfield>
	</datafield>
	<datafield ind1="0" ind2="8" tag="776">
		<subfield code="i">
			Print version:
		</subfield>
		<subfield code="a">
			Karam, Karam Milḥim.
		</subfield>
		<subfield code="t">
			Abū Jaʻfar al-Manṣūr
		</subfield>
		<subfield code="w">
			(NNU)002775914
		</subfield>
		<subfield code="w">
			(DLC)ne 64002412
		</subfield>
	</datafield>
	<datafield ind1="4" ind2="0" tag="856">
		<subfield code="u">
			http://hdl.handle.net/2333.1/k3j9kh26
		</subfield>
	</datafield>
	<datafield ind1="1" ind2="0" tag="880">
		<subfield code="6">
			245-01/
		</subfield>
		<subfield code="a">
			ابو جعفر المنصور ؛
		</subfield>
		<subfield code="b">
			قصة وتاريخ /
		</subfield>
		<subfield code="c">
			[تاليف] كرم ملحم كرم.
		</subfield>
	</datafield>
	<datafield ind1=" " ind2=" " tag="959">
		<subfield code="a">
			NNU
		</subfield>
		<subfield code="b">
			WEB
		</subfield>
		<subfield code="c">
			GENI
		</subfield>
		<subfield code="t">
			0
		</subfield>
		<subfield code="m">
			Electronic access
		</subfield>
		<subfield code="s">
			01
		</subfield>
	</datafield>
	<datafield ind1=" " ind2=" " tag="999">
		<subfield code="i">
			NNU_002775914
		</subfield>
		<subfield code="s">
			nyu_aco001388
		</subfield>
		<subfield code="e">
			(ERROR-880)
		</subfield>
	</datafield>
</record>
